<record><leader>00000cas a22000007a 4500</leader><controlfield tag="001">31997326</controlfield><controlfield tag="008">950215c19939999vauwr ne      0   a0eng c</controlfield><datafield ind1=" " ind2=" " tag="010"><subfield code="a">sn 95004457 </subfield></datafield><datafield ind1=" " ind2=" " tag="040"><subfield code="a">NSD</subfield><subfield code="b">eng</subfield><subfield code="c">NSD</subfield><subfield code="d">NVK</subfield><subfield code="d">OCLCQ</subfield><subfield code="d">OCLCF</subfield><subfield code="d">OCLCO</subfield></datafield><datafield ind1=" " ind2=" " tag="012"><subfield code="m">1</subfield></datafield><datafield ind1="1" ind2=" " tag="022"><subfield code="a">1081-1885</subfield><subfield code="l">1081-1885</subfield><subfield code="2">1</subfield></datafield><datafield ind1="1" ind2=" " tag="029"><subfield code="a">AU@</subfield><subfield code="b">000011577905</subfield></datafield><datafield ind1=" " ind2=" " tag="032"><subfield code="a">684350</subfield><subfield code="b">NSDP</subfield></datafield><datafield ind1=" " ind2=" " tag="037"><subfield code="b">Double T Pub. Inc., P.O. Box 707, Clintwood, Va. 24228</subfield></datafield><datafield ind1=" " ind2=" " tag="042"><subfield code="a">nsdp</subfield><subfield code="a">pcc</subfield></datafield><datafield ind1=" " ind2="4" tag="222"><subfield code="a">The Dickenson star, the Cumberland times</subfield></datafield><datafield ind1="0" ind2="4" tag="245"><subfield code="a">The Dickenson star, the Cumberland times.</subfield></datafield><datafield ind1="1" ind2="3" tag="246"><subfield code="a">Dickenson star</subfield></datafield><datafield ind1="1" ind2="7" tag="246"><subfield code="a">Dickenson star/Cumberland times</subfield></datafield><datafield ind1=" " ind2=" " tag="260"><subfield code="a">Clinchco, Va. :</subfield><subfield code="b">Dickenson Press,</subfield><subfield code="c">1993-</subfield></datafield><datafield ind1=" " ind2=" " tag="300"><subfield code="a">v.</subfield></datafield><datafield ind1=" " ind2=" " tag="310"><subfield code="a">Weekly</subfield></datafield><datafield ind1="0" ind2=" " tag="362"><subfield code="a">Vol. 11, no. 1 (Jan. 6, 1993)-</subfield></datafield><datafield ind1=" " ind2=" " tag="500"><subfield code="a">Published in Clintwood, Va., Dec. 31, 1997-</subfield></datafield><datafield ind1=" " ind2=" " tag="500"><subfield code="a">Publisher varies: Double T. Pub. Inc., Jul. 7, 1993-</subfield></datafield><datafield ind1=" " ind2=" " tag="515"><subfield code="a">Continues numbering of Dickenson star.</subfield></datafield><datafield ind1=" " ind2=" " tag="525"><subfield code="a">Supplements accompany some issues.</subfield></datafield><datafield ind1=" " ind2="4" tag="651"><subfield code="a">Clintwood (Va.)</subfield><subfield code="v">Newspapers.</subfield></datafield><datafield ind1=" " ind2="4" tag="651"><subfield code="a">Clinchco (Va.)</subfield><subfield code="v">Newspapers.</subfield></datafield><datafield ind1=" " ind2="0" tag="651"><subfield code="a">Dickenson County (Va.)</subfield><subfield code="v">Newspapers.</subfield></datafield><datafield ind1=" " ind2="7" tag="655"><subfield code="a">Newspapers.</subfield><subfield code="2">fast</subfield><subfield code="0">(OCoLC)fst01423814</subfield></datafield><datafield ind1=" " ind2="7" tag="651"><subfield code="a">Virginia</subfield><subfield code="z">Dickenson County.</subfield><subfield code="2">fast</subfield><subfield code="0">(OCoLC)fst01225804</subfield></datafield><datafield ind1=" " ind2=" " tag="752"><subfield code="a">United States</subfield><subfield code="b">Virginia</subfield><subfield code="c">Dickenson</subfield><subfield code="d">Clintwood.</subfield></datafield><datafield ind1=" " ind2=" " tag="752"><subfield code="a">United States</subfield><subfield code="b">Virginia</subfield><subfield code="c">Dickenson</subfield><subfield code="d">Clinchco.</subfield></datafield><datafield ind1="0" ind2="0" tag="780"><subfield code="t">Dickenson star</subfield><subfield code="x">0746-584X</subfield><subfield code="w">(DLC)sn 83009955</subfield></datafield></record>